<record><leader>00000nas a2200000 i 4500</leader><controlfield tag="001">984346544</controlfield><controlfield tag="006">m     o  d        </controlfield><controlfield tag="007">cr |||||||||||</controlfield><controlfield tag="008">170426d18391854inuwr neo     0   a0eng  </controlfield><datafield ind1=" " ind2=" " tag="010"><subfield code="a">  2017218618</subfield></datafield><datafield ind1=" " ind2=" " tag="040"><subfield code="a">DLC</subfield><subfield code="b">eng</subfield><subfield code="e">rda</subfield><subfield code="c">DLC</subfield></datafield><datafield ind1="0" ind2=" " tag="022"><subfield code="a">2572-8962</subfield><subfield code="2">1</subfield></datafield><datafield ind1=" " ind2=" " tag="042"><subfield code="a">pcc</subfield><subfield code="a">nsdp</subfield></datafield><datafield ind1=" " ind2=" " tag="043"><subfield code="a">n-us-in</subfield></datafield><datafield ind1="1" ind2="0" tag="050"><subfield code="a">ISSN RECORD</subfield></datafield><datafield ind1="1" ind2="0" tag="082"><subfield code="a">071</subfield><subfield code="2">23</subfield></datafield><datafield ind1="0" ind2=" " tag="130"><subfield code="a">Richmond palladium (Richmond, Ind. : 1839)</subfield></datafield><datafield ind1=" " ind2="0" tag="222"><subfield code="a">Richmond palladium</subfield><subfield code="b">(Richmond, Ind. 1839. Online)</subfield></datafield><datafield ind1="1" ind2="0" tag="245"><subfield code="a">Richmond palladium.</subfield></datafield><datafield ind1=" " ind2="1" tag="264"><subfield code="a">Richmond, Wayne County, Indiana :</subfield><subfield code="b">Holloway &amp; Davis</subfield></datafield><datafield ind1=" " ind2=" " tag="300"><subfield code="a">1 online resource</subfield></datafield><datafield ind1=" " ind2=" " tag="310"><subfield code="a">Weekly</subfield></datafield><datafield ind1=" " ind2=" " tag="336"><subfield code="a">text</subfield><subfield code="b">txt</subfield><subfield code="2">rdacontent</subfield></datafield><datafield ind1=" " ind2=" " tag="337"><subfield code="a">computer</subfield><subfield code="b">c</subfield><subfield code="2">rdamedia</subfield></datafield><datafield ind1=" " ind2=" " tag="338"><subfield code="a">online resource</subfield><subfield code="b">cr</subfield><subfield code="2">rdacarrier</subfield></datafield><datafield ind1="1" ind2=" " tag="362"><subfield code="a">Began January 12, 1839; ceased with volume XXIV, number 52 (Dec. 15, 1854).</subfield></datafield><datafield ind1=" " ind2=" " tag="515"><subfield code="a">Jan. 7, 1852 issue dated Jan. 8, 1851.</subfield></datafield><datafield ind1=" " ind2=" " tag="515"><subfield code="a">Issues for &lt;Jan. 9, 1841&gt;-Dec. 31, 1842 called also &lt;whole no. 521&gt;-whole no. 625.</subfield></datafield><datafield ind1=" " ind2=" " tag="588"><subfield code="a">Description based on: Volume XIV, no. 2 (January 5, 1844); title from masthead (Chroniclingamerica.loc.gov, viewed April 26, 2017).</subfield></datafield><datafield ind1=" " ind2=" " tag="588"><subfield code="a">Latest issue consulted: Volume XXIV, number 51 (Dec. 8, 1854) (Chroniclingamerica.loc.gov, viewed April 26, 2017).</subfield></datafield><datafield ind1=" " ind2="0" tag="651"><subfield code="a">Richmond (Ind.)</subfield><subfield code="v">Newspapers.</subfield></datafield><datafield ind1=" " ind2="7" tag="651"><subfield code="a">Indiana</subfield><subfield code="z">Richmond.</subfield><subfield code="2">fast</subfield><subfield code="0">(OCoLC)fst01205951</subfield></datafield><datafield ind1=" " ind2="7" tag="655"><subfield code="a">Newspapers.</subfield><subfield code="2">fast</subfield><subfield code="0">(OCoLC)fst01423814</subfield></datafield><datafield ind1=" " ind2=" " tag="752"><subfield code="a">United States</subfield><subfield code="b">Indiana</subfield><subfield code="c">Wayne</subfield><subfield code="d">Richmond.</subfield></datafield><datafield ind1="0" ind2="8" tag="776"><subfield code="i">Originally issued in print:</subfield><subfield code="t">Richmond palladium (Richmond, Ind. : 1839)</subfield><subfield code="x">2572-8954</subfield><subfield code="w">(DLC)sn 86058217</subfield><subfield code="w">(OCoLC)13061225</subfield></datafield><datafield ind1="0" ind2="0" tag="780"><subfield code="t">Richmond Indiana palladium (Richmond, Ind. : 1837)</subfield></datafield><datafield ind1="0" ind2="0" tag="785"><subfield code="t">Richmond Indiana palladium (Richmond, Ind. : 1854)</subfield></datafield><datafield ind1="4" ind2="0" tag="856"><subfield code="u">http://www.loc.gov/chroniclingamerica/lccn/sn86058217/issues</subfield></datafield></record>